<?xml version="1.0" encoding="UTF-8" ?><marc:collection xmlns:marc="http://www.loc.gov/MARC21/slim" xmlns:xsi="http://www.w3.org/2001/XMLSchema-instance" xsi:schemaLocation="http://www.loc.gov/MARC21/slim http://www.loc.gov/standards/marcxml/schema/MARC21slim.xsd">
<marc:record><marc:leader>02966cam a2200481 i 4500</marc:leader>
<marc:controlfield tag="001">b12522703</marc:controlfield>
<marc:controlfield tag="003">LeBAU</marc:controlfield><marc:controlfield tag="005">20180628</marc:controlfield><marc:controlfield tag="008">970716s1947    ua            ||0 f ara d</marc:controlfield><marc:datafield tag="035" ind1=" " ind2=" "><marc:subfield code="a">ocn784380039</marc:subfield></marc:datafield><marc:datafield tag="040" ind1=" " ind2=" "><marc:subfield code="a">LEAUB</marc:subfield><marc:subfield code="b">ara</marc:subfield><marc:subfield code="e">rda</marc:subfield><marc:subfield code="c">LEAUB</marc:subfield><marc:subfield code="d">LEAUB</marc:subfield></marc:datafield><marc:datafield tag="041" ind1="1" ind2=" "><marc:subfield code="a">ara</marc:subfield><marc:subfield code="h">eng</marc:subfield></marc:datafield><marc:datafield tag="082" ind1="0" ind2="4"><marc:subfield code="a">828</marc:subfield><marc:subfield code="2">23</marc:subfield></marc:datafield><marc:datafield tag="100" ind1="1" ind2=" "><marc:subfield code="6">880-01</marc:subfield><marc:subfield code="a">Austen, Jane,</marc:subfield><marc:subfield code="d">1775-1817,</marc:subfield><marc:subfield code="e">author.</marc:subfield></marc:datafield><marc:datafield tag="240" ind1="1" ind2="0"><marc:subfield code="a">Pride and prejudice.</marc:subfield><marc:subfield code="l">Arabic</marc:subfield></marc:datafield><marc:datafield tag="245" ind1="1" ind2="0"><marc:subfield code="6">880-02</marc:subfield><marc:subfield code="a">al-Kibriyāʼ wa-al-hawá /</marc:subfield><marc:subfield code="c">bi-qalam Jīn Ustin ; naqalahā ilá al-ʻArabīyah Muḥammad Badrān, al-murāqib al-ʻamm al-musāʻid lil-thaqāfah al-ʻammah bi-Wizārat al-Maʻārif.</marc:subfield></marc:datafield><marc:datafield tag="264" ind1=" " ind2="1"><marc:subfield code="6">880-03</marc:subfield><marc:subfield code="a">al-Qāhirah :</marc:subfield><marc:subfield code="b">Dār al-Fikr al-ʻArabī,</marc:subfield><marc:subfield code="c">1947.</marc:subfield></marc:datafield><marc:datafield tag="300" ind1=" " ind2=" "><marc:subfield code="6">880-04</marc:subfield><marc:subfield code="a">216 pages ;</marc:subfield><marc:subfield code="c">19 cm</marc:subfield></marc:datafield><marc:datafield tag="336" ind1=" " ind2=" "><marc:subfield code="a">text</marc:subfield><marc:subfield code="b">txt</marc:subfield><marc:subfield code="2">rdacontent</marc:subfield></marc:datafield><marc:datafield tag="337" ind1=" " ind2=" "><marc:subfield code="a">unmediated</marc:subfield><marc:subfield code="b">n</marc:subfield><marc:subfield code="2">rdamedia</marc:subfield></marc:datafield><marc:datafield tag="338" ind1=" " ind2=" "><marc:subfield code="a">volume</marc:subfield><marc:subfield code="b">nc</marc:subfield><marc:subfield code="2">rdacarrier</marc:subfield></marc:datafield><marc:datafield tag="500" ind1=" " ind2=" "><marc:subfield code="a">&quot;مقررة لطلبة السنة الرابعة الثانوية.&quot;‪‪</marc:subfield></marc:datafield><marc:datafield tag="650" ind1=" " ind2="4"><marc:subfield code="a">الطبقات الاجتماعية‪‪</marc:subfield><marc:subfield code="z">انجلترا‪‪</marc:subfield><marc:subfield code="v">قصة.‪‪</marc:subfield></marc:datafield><marc:datafield tag="650" ind1=" " ind2="4"><marc:subfield code="a">القصة الاميركية‪‪</marc:subfield><marc:subfield code="v">ترجمات الى العربية.‪‪</marc:subfield></marc:datafield><marc:datafield tag="650" ind1=" " ind2="0"><marc:subfield code="a">Social classes</marc:subfield><marc:subfield code="z">England</marc:subfield><marc:subfield code="v">Fiction.</marc:subfield></marc:datafield><marc:datafield tag="650" ind1=" " ind2="0"><marc:subfield code="a">American fiction</marc:subfield><marc:subfield code="v">Translations into Arabic.</marc:subfield></marc:datafield><marc:datafield tag="651" ind1=" " ind2="4"><marc:subfield code="a">انجلترا‪‪</marc:subfield><marc:subfield code="x">الحياة الاجتماعية والعادات‪‪</marc:subfield><marc:subfield code="y">القرن التاسع عشر‪‪</marc:subfield><marc:subfield code="v">قصة.‪‪</marc:subfield></marc:datafield><marc:datafield tag="651" ind1=" " ind2="0"><marc:subfield code="a">England</marc:subfield><marc:subfield code="x">Social life and customs</marc:subfield><marc:subfield code="y">19th century</marc:subfield><marc:subfield code="v">Fiction.</marc:subfield></marc:datafield><marc:datafield tag="655" ind1=" " ind2="4"><marc:subfield code="a">روايات.‪‪</marc:subfield></marc:datafield><marc:datafield tag="655" ind1=" " ind2="0"><marc:subfield code="a">Novels.</marc:subfield></marc:datafield><marc:datafield tag="700" ind1="1" ind2=" "><marc:subfield code="6">880-05</marc:subfield><marc:subfield code="a">Badrān, Muḥammad,</marc:subfield><marc:subfield code="e">translator.</marc:subfield></marc:datafield><marc:datafield tag="765" ind1="0" ind2="8"><marc:subfield code="6">880-06</marc:subfield><marc:subfield code="i">is translation of</marc:subfield><marc:subfield code="4">http://rdaregistry.info/Elements/e/P20141:</marc:subfield><marc:subfield code="a">Austen, Jane, 1775-1817.</marc:subfield><marc:subfield code="t">Pride and prejudice.</marc:subfield><marc:subfield code="d">St. Leonards, N.S.W., Australia : [publisher not identified], [between 1900 and 1999?]</marc:subfield><marc:subfield code="w">(OCoLC)06756499</marc:subfield><marc:subfield code="w">(OCoLC)06756499</marc:subfield></marc:datafield><marc:datafield tag="852" ind1=" " ind2=" "><marc:subfield code="a">Jafet Library</marc:subfield><marc:subfield code="e">American University of Beirut, Bliss Street , Beirut, Lebanon.</marc:subfield></marc:datafield><marc:datafield tag="880" ind1="1" ind2=" "><marc:subfield code="6">100-01/(3/r</marc:subfield><marc:subfield code="a">اوستن، جين،‪‪</marc:subfield><marc:subfield code="d">1775-1817،</marc:subfield><marc:subfield code="e">مؤلف. ‪‪</marc:subfield><marc:subfield code="4">aut.</marc:subfield></marc:datafield><marc:datafield tag="880" ind1="1" ind2="3"><marc:subfield code="6">245-02/(3/r</marc:subfield><marc:subfield code="a">الكبرياء والهوى /‪‪</marc:subfield><marc:subfield code="c">بقلم جين  أستن ؛ نقلها إلى العربية محمد بدران، المراقب العام المساعد للثقافة العامة بوزارة المعارف.‪‪</marc:subfield></marc:datafield><marc:datafield tag="880" ind1=" " ind2="1"><marc:subfield code="6">264-03/(3/r</marc:subfield><marc:subfield code="a">القاهرة :‪‪</marc:subfield><marc:subfield code="b">دار الفكر العربي،‪‪</marc:subfield><marc:subfield code="c">1947.</marc:subfield></marc:datafield><marc:datafield tag="880" ind1=" " ind2=" "><marc:subfield code="6">300-04/(3/r</marc:subfield><marc:subfield code="a">216 صفحة ؛‪‪</marc:subfield><marc:subfield code="c">19 سم‪‪</marc:subfield></marc:datafield><marc:datafield tag="880" ind1="1" ind2=" "><marc:subfield code="6">700-05/(3/r</marc:subfield><marc:subfield code="a">بدران، محمد،‪‪</marc:subfield><marc:subfield code="e">مترجم. ‪‪</marc:subfield><marc:subfield code="4">trl.</marc:subfield></marc:datafield><marc:datafield tag="880" ind1="0" ind2=" "><marc:subfield code="6">765-06/(3/r</marc:subfield><marc:subfield code="i">ترجمة كتاب‪‪</marc:subfield><marc:subfield code="4">http://rdaregistry.info/Elements/e/P20141:</marc:subfield><marc:subfield code="a">Austen, Jane, 1775-1817.</marc:subfield><marc:subfield code="t">Pride and prejudice.</marc:subfield><marc:subfield code="d">St. Leonards, N.S.W., Australia : [publisher not identified], [between 1900 and 1999?]</marc:subfield><marc:subfield code="w">b10434446</marc:subfield><marc:subfield code="w">(OCoLC)06756499</marc:subfield></marc:datafield><marc:datafield tag="907" ind1=" " ind2=" "><marc:subfield code="a">.b12522703</marc:subfield><marc:subfield code="b">18-07-16</marc:subfield><marc:subfield code="c">11-05-24</marc:subfield></marc:datafield><marc:datafield tag="907" ind1=" " ind2=" "><marc:subfield code="a">.b12522703</marc:subfield><marc:subfield code="b">15-10-15</marc:subfield><marc:subfield code="c">11-05-24</marc:subfield></marc:datafield><marc:datafield tag="945" ind1=" " ind2=" "><marc:subfield code="f">J</marc:subfield><marc:subfield code="a">828:A933piA</marc:subfield><marc:subfield code="i">01031929</marc:subfield><marc:subfield code="j">.i13021862</marc:subfield><marc:subfield code="l">u0503</marc:subfield><marc:subfield code="h">A</marc:subfield></marc:datafield><marc:datafield tag="998" ind1=" " ind2=" "><marc:subfield code="a">u05</marc:subfield><marc:subfield code="b">97-07-16</marc:subfield><marc:subfield code="c">m</marc:subfield><marc:subfield code="d">a  </marc:subfield><marc:subfield code="e">-</marc:subfield><marc:subfield code="f">ara</marc:subfield><marc:subfield code="g">ua </marc:subfield><marc:subfield code="h">0</marc:subfield><marc:subfield code="i">1</marc:subfield></marc:datafield></marc:record>
</marc:collection>
